@book{1664,
  author    = {Axler, Sheldon },
  title     = {Linear algebra done right (eBook)},
  publisher = {Springer},
  year      = {2015},
  address   = {Cham},
  edition   = {3rd ed.},
  url       = {https://doi.org/10.1007/978-3-319-11080-6}
}
@misc{citee,
  howpublished = {https://youtu.be/eu6i7WJeinw?si=nGdaL3KrwUzwk0Pp},
  note         = {},
  title        = {Essence of linear algebra},
  author       = {Grant Sanderson}
}
